@article{caminiti,
  author = "Saverio Caminiti and Emanuele G. Fusco and Rossella Petreschi",
  title = "Bijective Linear Time Coding and Decoding for $k$-Trees",
  journal = "Theory of Computing Systems",
  year = "2010",
  volume = "46",
  pages = "284--300",
  publisher = "Springer",
  doi = "10.1007/s00224-008-9131-0",
}

@article{harary,
  author = "Frank Harary and Edgar M. Palmer",
  title = "On acyclic simplicial complexes",
  journal = "Mathematika",
  year = "1968",
  volume = "15",
  pages = "115--122",
  doi = "10.1112/S002557930000245X",
}

@article{renyi,
  author = "C. Rényi and A. Rényi",
  title = "The Prüfer code for $k$-trees",
  journal = "Combinatorial Theory and its Applications",
  year = "1970",
  pages = "945--971",
}
